% Generated by Paperpile. Check out https://paperpile.com for more information.
% BibTeX export options can be customized via Settings -> BibTeX.

@INPROCEEDINGS{Ozge_Unel2019-jl,
  title     = "The Power of Tiling for Small Object Detection",
  booktitle = "Proceedings of the {IEEE} Conference on Computer Vision and
               Pattern Recognition Workshops",
  author    = "Ozge Unel, F and Ozkalayci, Burak O and Cigla, Cevahir",
  pages     = "0-0",
  year      =  2019
}

@ARTICLE{Sanchez2019-pi,
  title   = "A set of benchmarks for Handwritten Text Recognition on historical
             documents",
  author  = "S{\'a}nchez, Joan Andreu and Romero, Ver{\'o}nica and Toselli,
             Alejandro H and Villegas, Mauricio and Vidal, Enrique",
  journal = "Pattern recognition",
  volume  =  94,
  pages   = "122-134",
  month   =  oct,
  year    =  2019
}

@ARTICLE{Bluche2016-pt,
  title         = "Scan, Attend and Read: {End-to-End} Handwritten Paragraph
                   Recognition with {MDLSTM} Attention",
  author        = "Bluche, Th{\'e}odore and Louradour, J{\'e}r{\^o}me and
                   Messina, Ronaldo",
  month         =  apr,
  year          =  2016,
  archivePrefix = "arXiv",
  primaryClass  = "cs.CV",
  eprint        = "1604.03286"
}

@ARTICLE{Ronneberger2015-tf,
  title         = "{U-Net}: Convolutional Networks for Biomedical Image
                   Segmentation",
  author        = "Ronneberger, Olaf and Fischer, Philipp and Brox, Thomas",
  month         =  may,
  year          =  2015,
  archivePrefix = "arXiv",
  primaryClass  = "cs.CV",
  eprint        = "1505.04597"
}

@ARTICLE{Girshick2015-ay,
  title         = "Fast {R-CNN}",
  author        = "Girshick, Ross",
  month         =  apr,
  year          =  2015,
  archivePrefix = "arXiv",
  primaryClass  = "cs.CV",
  eprint        = "1504.08083"
}

@INPROCEEDINGS{Wang2012-hy,
  title     = "End-to-end text recognition with convolutional neural networks",
  booktitle = "Proceedings of the 21st International Conference on Pattern
               Recognition ({ICPR2012})",
  author    = "Wang, T and Wu, D J and Coates, A and Ng, A Y",
  pages     = "3304-3308",
  month     =  nov,
  year      =  2012
}

@INCOLLECTION{Blumenstein2008-we,
  title     = "Cursive Character Segmentation Using Neural Network Techniques",
  booktitle = "Machine Learning in Document Analysis and Recognition",
  author    = "Blumenstein, Michael",
  editor    = "Marinai, Simone and Fujisawa, Hiromichi",
  publisher = "Springer Berlin Heidelberg",
  pages     = "259-275",
  year      =  2008,
  address   = "Berlin, Heidelberg"
}

@article{CenterNet2019,
  author    = {Xingyi Zhou and
               Dequan Wang and
               Philipp Kr{\"{a}}henb{\"{u}}hl},
  title     = {Objects as Points},
  journal   = {CoRR},
  volume    = {abs/1904.07850},
  year      = {2019},
  url       = {http://arxiv.org/abs/1904.07850},
  archivePrefix = {arXiv},
  eprint    = {1904.07850},
  timestamp = {Fri, 26 Apr 2019 13:18:53 +0200},
  biburl    = {https://dblp.org/rec/bib/journals/corr/abs-1904-07850},
  bibsource = {dblp computer science bibliography, https://dblp.org}
}

@article{DeformableConv2017,
  author    = {Jifeng Dai and
               Haozhi Qi and
               Yuwen Xiong and
               Yi Li and
               Guodong Zhang and
               Han Hu and
               Yichen Wei},
  title     = {Deformable Convolutional Networks},
  journal   = {CoRR},
  volume    = {abs/1703.06211},
  year      = {2017},
  url       = {http://arxiv.org/abs/1703.06211},
  archivePrefix = {arXiv},
  eprint    = {1703.06211},
  timestamp = {Mon, 13 Aug 2018 16:46:51 +0200},
  biburl    = {https://dblp.org/rec/bib/journals/corr/DaiQXLZHW17},
  bibsource = {dblp computer science bibliography, https://dblp.org}
}


@ONLINE{Gandhi2018,
  title     = "R-CNN, Fast R-CNN, Faster R-CNN, YOLO â€” Object Detection Algorithms",
  author    = "Rohith Gandhi",
  year      =  2018,
  url = {https://towardsdatascience.com/r-cnn-fast-r-cnn-faster-r-cnn-yolo-object-detection-algorithms-36d53571365e},
  urldate = {2019-09-10}
}
